@book{iuliana2017,
author = {Cosmina, Iuliana and Harrop, Rob and Schaefer, Chris and Ho, Clarence},
title = {Pro Spring 5},
year  = {2017},
isbn = {978-1-4842-2808-1},
publisher = {Apress},
pages = {849},
}

@book{johnson2005,
 author = {Johnson, Rod and Hoeller, Juergen and Arendsen, Alef and Risberg, Thomas and    Kopylenko, Dmitriy},
 title = {Professional Java Development with the Spring Framework},
 year = {2005},
 isbn = {0764574833, 9780764574832},
 publisher = {Wrox Press Ltd.},
 address = {Birmingham, UK, UK},
}

@Online{malte2017,
author = {Ubl, Malte and Kitamura, Eiji},
title = {Einf√ºhrung zu WebSockets: Sockets im Web},
year = {2010},
month = {Oktober},
day = {20},
url = {https://www.html5rocks.com/de/tutorials/websockets/basics/},
urldate = {2017-12-29},
}

@Online{groovy2017,
author = "{ The Groovy Project, Apache Software Foundation}",
title = {A multi-faceted language for the Java platform},
year = {2017},
url = {http://groovy-lang.org/},
urldate = {2017-12-29},
}

@Online{groovylang2017,
author = "{ The Groovy Project, Apache Software Foundation}",
title = {Documentation},
year = {2017},
url = {http://groovy-lang.org/documentation.html},
urldate = {2017-12-29},
}





